<record><leader>00000cas a22000007a 4500</leader><controlfield tag="001">11364093</controlfield><controlfield tag="008">841108d18701893ksuwr ne      0   a0eng d</controlfield><datafield ind1=" " ind2=" " tag="010"><subfield code="a">sn 84027637 </subfield></datafield><datafield ind1=" " ind2=" " tag="040"><subfield code="a">NPU</subfield><subfield code="b">eng</subfield><subfield code="c">NPU</subfield><subfield code="d">NPT</subfield><subfield code="d">NVF</subfield><subfield code="d">OCLCQ</subfield></datafield><datafield ind1=" " ind2=" " tag="042"><subfield code="a">msc</subfield></datafield><datafield ind1="0" ind2="0" tag="245"><subfield code="a">La Cygne weekly journal.</subfield></datafield><datafield ind1="3" ind2="0" tag="246"><subfield code="a">LaCygne weekly journal</subfield></datafield><datafield ind1="1" ind2="3" tag="246"><subfield code="a">La Cyne journal</subfield></datafield><datafield ind1="3" ind2="0" tag="246"><subfield code="a">LaCyne journal</subfield></datafield><datafield ind1=" " ind2=" " tag="260"><subfield code="a">La Cygne, Kan. :</subfield><subfield code="b">Cary &amp; Kenea,</subfield><subfield code="c">1870-1893.</subfield></datafield><datafield ind1=" " ind2=" " tag="300"><subfield code="a">25 v. ;</subfield><subfield code="c">63 cm.</subfield></datafield><datafield ind1=" " ind2=" " tag="310"><subfield code="a">Weekly</subfield></datafield><datafield ind1="0" ind2=" " tag="362"><subfield code="a">Vol. 1, no. 1 (June 18, 1870)-v. 24, no. 17 (Aug. 26, 1893).</subfield></datafield><datafield ind1=" " ind2=" " tag="752"><subfield code="a">United States</subfield><subfield code="b">Kansas</subfield><subfield code="c">Linn</subfield><subfield code="d">La Cygne.</subfield></datafield><datafield ind1="0" ind2="7" tag="785"><subfield code="t">Linn County clarion</subfield><subfield code="w">(DLC)sn 85030150</subfield></datafield><datafield ind1="0" ind2="7" tag="785"><subfield code="t">Journal-clarion (La Cygne, Kan.)</subfield><subfield code="w">(DLC)sn 85030136</subfield></datafield></record>